<?xml version="1.0" encoding="UTF-8"?>
  <record xmlns="http://www.loc.gov/MARC21/slim" type="Authority">
    <leader>00000nz  a2200000nc 4500</leader>
    <controlfield tag="001">118604198</controlfield>
    <controlfield tag="003">DE-101</controlfield>
    <controlfield tag="005">20200806113241.0</controlfield>
    <controlfield tag="008">880701n||azznnaabn           | aaa    |c</controlfield>
    <datafield tag="024" ind1="7" ind2=" ">
      <subfield code="a">118604198</subfield>
      <subfield code="0">http://d-nb.info/gnd/118604198</subfield>
      <subfield code="2">gnd</subfield>
    </datafield>
    <datafield tag="035" ind1=" " ind2=" ">
      <subfield code="a">(DE-101)118604198</subfield>
    </datafield>
    <datafield tag="035" ind1=" " ind2=" ">
      <subfield code="a">(DE-588)118604198</subfield>
    </datafield>
    <datafield tag="035" ind1=" " ind2=" ">
      <subfield code="z">(DE-588)1089928246</subfield>
    </datafield>
    <datafield tag="035" ind1=" " ind2=" ">
      <subfield code="z">(DE-588)1089911068</subfield>
    </datafield>
    <datafield tag="035" ind1=" " ind2=" ">
      <subfield code="z">(DE-588)1089883080</subfield>
    </datafield>
    <datafield tag="035" ind1=" " ind2=" ">
      <subfield code="z">(DE-588)1089824173</subfield>
    </datafield>
    <datafield tag="035" ind1=" " ind2=" ">
      <subfield code="z">(DE-588)1089278306</subfield>
    </datafield>
    <datafield tag="035" ind1=" " ind2=" ">
      <subfield code="z">(DE-588)186600356</subfield>
    </datafield>
    <datafield tag="035" ind1=" " ind2=" ">
      <subfield code="z">(DE-588a)186600356</subfield>
      <subfield code="9">v:zg</subfield>
    </datafield>
    <datafield tag="035" ind1=" " ind2=" ">
      <subfield code="z">(DE-588)174554265</subfield>
    </datafield>
    <datafield tag="035" ind1=" " ind2=" ">
      <subfield code="z">(DE-588a)174554265</subfield>
      <subfield code="9">v:zg</subfield>
    </datafield>
    <datafield tag="035" ind1=" " ind2=" ">
      <subfield code="z">(DE-588a)118604198</subfield>
      <subfield code="9">v:zg</subfield>
    </datafield>
    <datafield tag="035" ind1=" " ind2=" ">
      <subfield code="z">(DE-588a)119812231</subfield>
    </datafield>
    <datafield tag="035" ind1=" " ind2=" ">
      <subfield code="z">(DE-588c)4051009-8</subfield>
      <subfield code="9">v:zg</subfield>
    </datafield>
    <datafield tag="040" ind1=" " ind2=" ">
      <subfield code="a">DE-101</subfield>
      <subfield code="c">DE-101</subfield>
      <subfield code="9">r:DE-101</subfield>
      <subfield code="b">ger</subfield>
      <subfield code="d">8999</subfield>
      <subfield code="e">rda</subfield>
    </datafield>
    <datafield tag="042" ind1=" " ind2=" ">
      <subfield code="a">gnd1</subfield>
    </datafield>
    <datafield tag="043" ind1=" " ind2=" ">
      <subfield code="c">XA-DE</subfield>
      <subfield code="c">XA-BE</subfield>
    </datafield>
    <datafield tag="065" ind1=" " ind2=" ">
      <subfield code="a">3.6p</subfield>
      <subfield code="2">sswd</subfield>
    </datafield>
    <datafield tag="075" ind1=" " ind2=" ">
      <subfield code="b">p</subfield>
      <subfield code="2">gndgen</subfield>
    </datafield>
    <datafield tag="075" ind1=" " ind2=" ">
      <subfield code="b">piz</subfield>
      <subfield code="2">gndspec</subfield>
    </datafield>
    <datafield tag="079" ind1=" " ind2=" ">
      <subfield code="a">g</subfield>
      <subfield code="q">s</subfield>
      <subfield code="q">f</subfield>
      <subfield code="q">n</subfield>
      <subfield code="u">v</subfield>
      <subfield code="u">w</subfield>
      <subfield code="u">o</subfield>
    </datafield>
    <datafield tag="100" ind1="0" ind2=" ">
      <subfield code="a">Rupert</subfield>
      <subfield code="c">von Deutz</subfield>
      <subfield code="d">ca. 1075/76-1129</subfield>
    </datafield>
    <datafield tag="375" ind1=" " ind2=" ">
      <subfield code="a">1</subfield>
      <subfield code="2">iso5218</subfield>
    </datafield>
    <datafield tag="377" ind1=" " ind2="7">
      <subfield code="a">lat</subfield>
      <subfield code="2">iso639-2b</subfield>
    </datafield>
    <datafield tag="400" ind1="0" ind2=" ">
      <subfield code="a">Rupertus</subfield>
      <subfield code="c">Tuitensis</subfield>
      <subfield code="d">ca. 1075/76-1129</subfield>
    </datafield>
    <datafield tag="400" ind1="0" ind2=" ">
      <subfield code="a">Rupertus</subfield>
      <subfield code="c">Tuitiensis</subfield>
      <subfield code="d">ca. 1075/76-1129</subfield>
    </datafield>
    <datafield tag="400" ind1="1" ind2=" ">
      <subfield code="a">Deutz, Rupert &#152;von&#156;</subfield>
      <subfield code="d">ca. 1075/76-1129</subfield>
    </datafield>
    <datafield tag="400" ind1="0" ind2=" ">
      <subfield code="a">Ruperto</subfield>
      <subfield code="c">di Deutz</subfield>
      <subfield code="d">ca. 1075/76-1129</subfield>
    </datafield>
    <datafield tag="400" ind1="0" ind2=" ">
      <subfield code="a">Rupertus</subfield>
      <subfield code="c">of Saint Heribert</subfield>
      <subfield code="d">ca. 1075/76-1129</subfield>
    </datafield>
    <datafield tag="400" ind1="0" ind2=" ">
      <subfield code="a">Robert</subfield>
      <subfield code="c">de Tuy</subfield>
      <subfield code="d">ca. 1075/76-1129</subfield>
    </datafield>
    <datafield tag="400" ind1="0" ind2=" ">
      <subfield code="a">Rubertus</subfield>
      <subfield code="c">Sancti Heriberti</subfield>
      <subfield code="d">ca. 1075/76-1129</subfield>
    </datafield>
    <datafield tag="400" ind1="0" ind2=" ">
      <subfield code="a">Robertus</subfield>
      <subfield code="c">Tuitiensis</subfield>
      <subfield code="d">ca. 1075/76-1129</subfield>
    </datafield>
    <datafield tag="400" ind1="0" ind2=" ">
      <subfield code="a">Rupertus</subfield>
      <subfield code="c">Sancti Heriberti</subfield>
      <subfield code="d">ca. 1075/76-1129</subfield>
    </datafield>
    <datafield tag="400" ind1="0" ind2=" ">
      <subfield code="a">Rupertus</subfield>
      <subfield code="c">Sancti Laurentii</subfield>
      <subfield code="d">ca. 1075/76-1129</subfield>
    </datafield>
    <datafield tag="400" ind1="0" ind2=" ">
      <subfield code="a">Rupertus</subfield>
      <subfield code="c">Leodiensis</subfield>
      <subfield code="d">ca. 1075/76-1129</subfield>
    </datafield>
    <datafield tag="400" ind1="0" ind2=" ">
      <subfield code="a">Rupertus</subfield>
      <subfield code="c">Abbas</subfield>
      <subfield code="d">ca. 1075/76-1129</subfield>
    </datafield>
    <datafield tag="400" ind1="0" ind2=" ">
      <subfield code="a">Hrodpertus</subfield>
      <subfield code="c">Abbas</subfield>
      <subfield code="d">ca. 1075/76-1129</subfield>
    </datafield>
    <datafield tag="400" ind1="0" ind2=" ">
      <subfield code="a">Robert</subfield>
      <subfield code="c">von Deutz</subfield>
      <subfield code="d">ca. 1075/76-1129</subfield>
    </datafield>
    <datafield tag="400" ind1="0" ind2=" ">
      <subfield code="a">Rupertus</subfield>
      <subfield code="c">Duicensis</subfield>
      <subfield code="d">ca. 1075/76-1129</subfield>
    </datafield>
    <datafield tag="400" ind1="0" ind2=" ">
      <subfield code="a">Rupert</subfield>
      <subfield code="c">von Sankt Heribert</subfield>
      <subfield code="d">ca. 1075/76-1129</subfield>
    </datafield>
    <datafield tag="400" ind1="0" ind2=" ">
      <subfield code="a">Rupertus</subfield>
      <subfield code="c">de Tuitio</subfield>
      <subfield code="d">ca. 1075/76-1129</subfield>
    </datafield>
    <datafield tag="400" ind1="0" ind2=" ">
      <subfield code="a">Rupertus</subfield>
      <subfield code="c">de Deutz</subfield>
      <subfield code="d">ca. 1075/76-1129</subfield>
    </datafield>
    <datafield tag="400" ind1="0" ind2=" ">
      <subfield code="a">Robert</subfield>
      <subfield code="c">de Liège</subfield>
      <subfield code="d">ca. 1075/76-1129</subfield>
    </datafield>
    <datafield tag="400" ind1="0" ind2=" ">
      <subfield code="a">Robert</subfield>
      <subfield code="c">de Deutz</subfield>
      <subfield code="d">ca. 1075/76-1129</subfield>
    </datafield>
    <datafield tag="400" ind1="0" ind2=" ">
      <subfield code="a">Rupertus</subfield>
      <subfield code="c">Abbas Tuitiensis</subfield>
      <subfield code="d">ca. 1075/76-1129</subfield>
    </datafield>
    <datafield tag="400" ind1="0" ind2=" ">
      <subfield code="a">Rupertus</subfield>
      <subfield code="c">Monachus Leodiensis</subfield>
      <subfield code="d">ca. 1075/76-1129</subfield>
    </datafield>
    <datafield tag="400" ind1="0" ind2=" ">
      <subfield code="a">Rupertus</subfield>
      <subfield code="c">von Deutz</subfield>
      <subfield code="d">ca. 1075/76-1129</subfield>
    </datafield>
    <datafield tag="400" ind1="0" ind2=" ">
      <subfield code="a">Rupertus von Deutz</subfield>
      <subfield code="d">ca. 1075/76-1129</subfield>
    </datafield>
    <datafield tag="400" ind1="0" ind2=" ">
      <subfield code="a">Rupert</subfield>
      <subfield code="c">de Deutz</subfield>
      <subfield code="d">ca. 1075/76-1129</subfield>
    </datafield>
    <datafield tag="400" ind1="0" ind2=" ">
      <subfield code="a">Rupert</subfield>
      <subfield code="c">of Deutz</subfield>
      <subfield code="d">ca. 1075/76-1129</subfield>
    </datafield>
    <datafield tag="400" ind1="0" ind2=" ">
      <subfield code="a">Rupertus</subfield>
      <subfield code="c">Tuicensis</subfield>
      <subfield code="d">ca. 1075/76-1129</subfield>
    </datafield>
    <datafield tag="500" ind1="1" ind2=" ">
      <subfield code="0">(DE-101)118521330</subfield>
      <subfield code="0">(DE-588)118521330</subfield>
      <subfield code="0">https://d-nb.info/gnd/118521330</subfield>
      <subfield code="a">Cochlaeus, Johannes</subfield>
      <subfield code="d">1479-1552</subfield>
      <subfield code="4">beza</subfield>
      <subfield code="4">https://d-nb.info/standards/elementset/gnd#acquaintanceshipOrFriendship</subfield>
      <subfield code="w">r</subfield>
      <subfield code="i">Bekanntschaft</subfield>
      <subfield code="e">Bekanntschaft</subfield>
      <subfield code="9">v:VD-16 Mitverf.</subfield>
    </datafield>
    <datafield tag="500" ind1="1" ind2=" ">
      <subfield code="0">(DE-101)118697218</subfield>
      <subfield code="0">(DE-588)118697218</subfield>
      <subfield code="0">https://d-nb.info/gnd/118697218</subfield>
      <subfield code="a">Gratius, Ortwin</subfield>
      <subfield code="d">1480-1542</subfield>
      <subfield code="4">beza</subfield>
      <subfield code="4">https://d-nb.info/standards/elementset/gnd#acquaintanceshipOrFriendship</subfield>
      <subfield code="w">r</subfield>
      <subfield code="i">Bekanntschaft</subfield>
      <subfield code="e">Bekanntschaft</subfield>
      <subfield code="9">v:VD-16 Mitverf.</subfield>
    </datafield>
    <datafield tag="500" ind1="1" ind2=" ">
      <subfield code="0">(DE-101)119715279</subfield>
      <subfield code="0">(DE-588)119715279</subfield>
      <subfield code="0">https://d-nb.info/gnd/119715279</subfield>
      <subfield code="a">Host, Heinrich</subfield>
      <subfield code="4">beza</subfield>
      <subfield code="4">https://d-nb.info/standards/elementset/gnd#acquaintanceshipOrFriendship</subfield>
      <subfield code="w">r</subfield>
      <subfield code="i">Bekanntschaft</subfield>
      <subfield code="e">Bekanntschaft</subfield>
      <subfield code="9">v:VD-16 Mitverf.</subfield>
    </datafield>
    <datafield tag="500" ind1="1" ind2=" ">
      <subfield code="0">(DE-101)11971650X</subfield>
      <subfield code="0">(DE-588)11971650X</subfield>
      <subfield code="0">https://d-nb.info/gnd/11971650X</subfield>
      <subfield code="a">Hug, Nikolaus</subfield>
      <subfield code="4">beza</subfield>
      <subfield code="4">https://d-nb.info/standards/elementset/gnd#acquaintanceshipOrFriendship</subfield>
      <subfield code="w">r</subfield>
      <subfield code="i">Bekanntschaft</subfield>
      <subfield code="e">Bekanntschaft</subfield>
      <subfield code="9">v:VD-16 Mitverf.</subfield>
    </datafield>
    <datafield tag="500" ind1="1" ind2=" ">
      <subfield code="0">(DE-101)119602008</subfield>
      <subfield code="0">(DE-588)119602008</subfield>
      <subfield code="0">https://d-nb.info/gnd/119602008</subfield>
      <subfield code="a">Agricius, Matthias</subfield>
      <subfield code="d">1545-1613</subfield>
      <subfield code="4">beza</subfield>
      <subfield code="4">https://d-nb.info/standards/elementset/gnd#acquaintanceshipOrFriendship</subfield>
      <subfield code="w">r</subfield>
      <subfield code="i">Bekanntschaft</subfield>
      <subfield code="e">Bekanntschaft</subfield>
      <subfield code="9">v:VD-16 Mitverf.</subfield>
    </datafield>
    <datafield tag="500" ind1="1" ind2=" ">
      <subfield code="0">(DE-101)130461199</subfield>
      <subfield code="0">(DE-588)130461199</subfield>
      <subfield code="0">https://d-nb.info/gnd/130461199</subfield>
      <subfield code="a">Birckmann, Franz</subfield>
      <subfield code="d">14XX-1530</subfield>
      <subfield code="4">beza</subfield>
      <subfield code="4">https://d-nb.info/standards/elementset/gnd#acquaintanceshipOrFriendship</subfield>
      <subfield code="w">r</subfield>
      <subfield code="i">Bekanntschaft</subfield>
      <subfield code="e">Bekanntschaft</subfield>
      <subfield code="9">v:VD-16 Mitverf.</subfield>
    </datafield>
    <datafield tag="500" ind1="0" ind2=" ">
      <subfield code="0">(DE-101)119722763</subfield>
      <subfield code="0">(DE-588)119722763</subfield>
      <subfield code="0">https://d-nb.info/gnd/119722763</subfield>
      <subfield code="a">Johannes Nathanael</subfield>
      <subfield code="4">beza</subfield>
      <subfield code="4">https://d-nb.info/standards/elementset/gnd#acquaintanceshipOrFriendship</subfield>
      <subfield code="w">r</subfield>
      <subfield code="i">Bekanntschaft</subfield>
      <subfield code="e">Bekanntschaft</subfield>
      <subfield code="9">v:VD-16 Mitverf.</subfield>
    </datafield>
    <datafield tag="500" ind1="1" ind2=" ">
      <subfield code="0">(DE-101)119727617</subfield>
      <subfield code="0">(DE-588)119727617</subfield>
      <subfield code="0">https://d-nb.info/gnd/119727617</subfield>
      <subfield code="a">Kemp., Johannes</subfield>
      <subfield code="4">beza</subfield>
      <subfield code="4">https://d-nb.info/standards/elementset/gnd#acquaintanceshipOrFriendship</subfield>
      <subfield code="w">r</subfield>
      <subfield code="i">Bekanntschaft</subfield>
      <subfield code="e">Bekanntschaft</subfield>
      <subfield code="9">v:VD-16 Mitverf.</subfield>
    </datafield>
    <datafield tag="500" ind1="1" ind2=" ">
      <subfield code="0">(DE-101)119764571</subfield>
      <subfield code="0">(DE-588)119764571</subfield>
      <subfield code="0">https://d-nb.info/gnd/119764571</subfield>
      <subfield code="a">Münster, Andreas</subfield>
      <subfield code="4">beza</subfield>
      <subfield code="4">https://d-nb.info/standards/elementset/gnd#acquaintanceshipOrFriendship</subfield>
      <subfield code="w">r</subfield>
      <subfield code="i">Bekanntschaft</subfield>
      <subfield code="e">Bekanntschaft</subfield>
      <subfield code="9">v:VD-16 Mitverf.</subfield>
    </datafield>
    <datafield tag="500" ind1="1" ind2=" ">
      <subfield code="a">Petreius, Johann</subfield>
      <subfield code="4">beza</subfield>
      <subfield code="4">https://d-nb.info/standards/elementset/gnd#acquaintanceshipOrFriendship</subfield>
      <subfield code="w">r</subfield>
      <subfield code="i">Bekanntschaft</subfield>
      <subfield code="e">Bekanntschaft</subfield>
      <subfield code="9">v:VD-16 Mitverf.</subfield>
    </datafield>
    <datafield tag="510" ind1="2" ind2=" ">
      <subfield code="0">(DE-101)1069190403</subfield>
      <subfield code="0">(DE-588)1069190403</subfield>
      <subfield code="0">https://d-nb.info/gnd/1069190403</subfield>
      <subfield code="a">Kloster Sankt Laurentius Lüttich</subfield>
      <subfield code="4">affi</subfield>
      <subfield code="4">https://d-nb.info/standards/elementset/gnd#affiliation</subfield>
      <subfield code="w">r</subfield>
      <subfield code="i">Affiliation</subfield>
      <subfield code="e">Affiliation</subfield>
    </datafield>
    <datafield tag="510" ind1="2" ind2=" ">
      <subfield code="0">(DE-101)040213706</subfield>
      <subfield code="0">(DE-588)4021370-5</subfield>
      <subfield code="0">https://d-nb.info/gnd/4021370-5</subfield>
      <subfield code="a">Kloster Siegburg</subfield>
      <subfield code="4">affi</subfield>
      <subfield code="4">https://d-nb.info/standards/elementset/gnd#affiliation</subfield>
      <subfield code="w">r</subfield>
      <subfield code="i">Affiliation</subfield>
      <subfield code="e">Affiliation</subfield>
      <subfield code="9">v:Wirkungsort ab 1113</subfield>
    </datafield>
    <datafield tag="510" ind1="2" ind2=" ">
      <subfield code="0">(DE-101)948754230</subfield>
      <subfield code="0">(DE-588)4426199-8</subfield>
      <subfield code="0">https://d-nb.info/gnd/4426199-8</subfield>
      <subfield code="a">Kloster Deutz</subfield>
      <subfield code="4">affi</subfield>
      <subfield code="4">https://d-nb.info/standards/elementset/gnd#affiliation</subfield>
      <subfield code="w">r</subfield>
      <subfield code="i">Affiliation</subfield>
      <subfield code="e">Affiliation</subfield>
      <subfield code="9">v:Abt</subfield>
      <subfield code="9">Z:1120-1129</subfield>
    </datafield>
    <datafield tag="548" ind1=" " ind2=" ">
      <subfield code="a">ca. 1075/76-1129</subfield>
      <subfield code="4">datl</subfield>
      <subfield code="4">https://d-nb.info/standards/elementset/gnd#associatedDate</subfield>
      <subfield code="w">r</subfield>
      <subfield code="i">Lebensdaten</subfield>
      <subfield code="9">v:Alternative Geburtsjahrsangabe: ca. 1075/80; anderslt. Geburtsjahr ca. 1070; Alternative Todesjahrsangabe: 1129/30</subfield>
    </datafield>
    <datafield tag="548" ind1=" " ind2=" ">
      <subfield code="a">XX.XX.10XX-04.03.1129</subfield>
      <subfield code="4">datx</subfield>
      <subfield code="4">https://d-nb.info/standards/elementset/gnd#dateOfBirthAndDeath</subfield>
      <subfield code="w">r</subfield>
      <subfield code="i">Exakte Lebensdaten</subfield>
    </datafield>
    <datafield tag="550" ind1=" " ind2=" ">
      <subfield code="0">(DE-101)04030020X</subfield>
      <subfield code="0">(DE-588)4030020-1</subfield>
      <subfield code="0">https://d-nb.info/gnd/4030020-1</subfield>
      <subfield code="a">Katholischer Theologe</subfield>
      <subfield code="4">berc</subfield>
      <subfield code="4">https://d-nb.info/standards/elementset/gnd#professionOrOccupation</subfield>
      <subfield code="w">r</subfield>
      <subfield code="i">Charakteristischer Beruf</subfield>
    </datafield>
    <datafield tag="550" ind1=" " ind2=" ">
      <subfield code="0">(DE-101)041362357</subfield>
      <subfield code="0">(DE-588)4136235-4</subfield>
      <subfield code="0">https://d-nb.info/gnd/4136235-4</subfield>
      <subfield code="a">Mystiker</subfield>
      <subfield code="4">beru</subfield>
      <subfield code="4">https://d-nb.info/standards/elementset/gnd#professionOrOccupation</subfield>
      <subfield code="w">r</subfield>
      <subfield code="i">Beruf</subfield>
    </datafield>
    <datafield tag="550" ind1=" " ind2=" ">
      <subfield code="0">(DE-101)958832374</subfield>
      <subfield code="0">(DE-588)4586752-5</subfield>
      <subfield code="0">https://d-nb.info/gnd/4586752-5</subfield>
      <subfield code="a">Exeget</subfield>
      <subfield code="4">beru</subfield>
      <subfield code="4">https://d-nb.info/standards/elementset/gnd#professionOrOccupation</subfield>
      <subfield code="w">r</subfield>
      <subfield code="i">Beruf</subfield>
    </datafield>
    <datafield tag="550" ind1=" " ind2=" ">
      <subfield code="0">(DE-101)040472337</subfield>
      <subfield code="0">(DE-588)4047233-4</subfield>
      <subfield code="0">https://d-nb.info/gnd/4047233-4</subfield>
      <subfield code="a">Priester</subfield>
      <subfield code="4">beru</subfield>
      <subfield code="4">https://d-nb.info/standards/elementset/gnd#professionOrOccupation</subfield>
      <subfield code="w">r</subfield>
      <subfield code="i">Beruf</subfield>
    </datafield>
    <datafield tag="550" ind1=" " ind2=" ">
      <subfield code="0">(DE-101)04000273X</subfield>
      <subfield code="0">(DE-588)4000273-1</subfield>
      <subfield code="0">https://d-nb.info/gnd/4000273-1</subfield>
      <subfield code="a">Abt</subfield>
      <subfield code="4">beru</subfield>
      <subfield code="4">https://d-nb.info/standards/elementset/gnd#professionOrOccupation</subfield>
      <subfield code="w">r</subfield>
      <subfield code="i">Beruf</subfield>
    </datafield>
    <datafield tag="551" ind1=" " ind2=" ">
      <subfield code="0">(DE-101)043213588</subfield>
      <subfield code="0">(DE-588)4321358-3</subfield>
      <subfield code="0">https://d-nb.info/gnd/4321358-3</subfield>
      <subfield code="a">Deutz</subfield>
      <subfield code="4">orts</subfield>
      <subfield code="4">https://d-nb.info/standards/elementset/gnd#placeOfDeath</subfield>
      <subfield code="w">r</subfield>
      <subfield code="i">Sterbeort</subfield>
    </datafield>
    <datafield tag="551" ind1=" " ind2=" ">
      <subfield code="0">(DE-101)043213588</subfield>
      <subfield code="0">(DE-588)4321358-3</subfield>
      <subfield code="0">https://d-nb.info/gnd/4321358-3</subfield>
      <subfield code="a">Deutz</subfield>
      <subfield code="4">ortw</subfield>
      <subfield code="4">https://d-nb.info/standards/elementset/gnd#placeOfActivity</subfield>
      <subfield code="w">r</subfield>
      <subfield code="i">Wirkungsort</subfield>
    </datafield>
    <datafield tag="670" ind1=" " ind2=" ">
      <subfield code="a">Brockhaus online</subfield>
      <subfield code="b">Stand: 06.08.2020</subfield>
      <subfield code="u">https://brockhaus.de/ecs/enzy/article/rupert-von-deutz</subfield>
    </datafield>
    <datafield tag="670" ind1=" " ind2=" ">
      <subfield code="a">Wikipedia</subfield>
      <subfield code="b">Stand: 02.09.2019</subfield>
      <subfield code="u">https://de.wikipedia.org/w/index.php?title=Rupert_von_Deutz&amp;oldid=171950577</subfield>
    </datafield>
    <datafield tag="672" ind1=" " ind2="0">
      <subfield code="a">Ruperti Abbatis Monasterii Tuitensis ... Opera Omnia</subfield>
    </datafield>
    <datafield tag="672" ind1=" " ind2="0">
      <subfield code="a">In Joannis Apocalypsin Commentaria. - 1526</subfield>
    </datafield>
    <datafield tag="672" ind1=" " ind2="0">
      <subfield code="a">RVPERTI ABBATIS TVITIENSIS, VETERIS THEOLOGI, DE INCENDIO TVITIENSI, IN QVO CORPVS ... 1573. (VD16 R 3800)</subfield>
    </datafield>
    <datafield tag="672" ind1=" " ind2="0">
      <subfield code="a">Evangelium Johannis. 1541. (VD16 B 4928)</subfield>
    </datafield>
    <datafield tag="672" ind1=" " ind2="0">
      <subfield code="a">Jonas. 1524. (VD16 B 3887)</subfield>
    </datafield>
    <datafield tag="672" ind1=" " ind2="0">
      <subfield code="a">Apocalypsis. 1541. (VD16 B 5259)</subfield>
    </datafield>
    <datafield tag="672" ind1=" " ind2="0">
      <subfield code="a">RVPERTI ABBATIS MONASTERII TVITIENSIS, E ̀REGIONE COLONIAE AGRIPPINAE SITI, ORDINIS ... 1577. (VD16 R 3778)</subfield>
    </datafield>
    <datafield tag="672" ind1=" " ind2="0">
      <subfield code="a">RVPERTI ABBATIS TVITIENSIS, VIRI VNDECVNQNE DOCTISSIMI, SVMMIQVE INTER VEteres Theologi, ... 1528. (VD16 R 3801)</subfield>
    </datafield>
    <datafield tag="672" ind1=" " ind2="0">
      <subfield code="a">Apocalypsis. 1533. (VD16 B 5255)</subfield>
    </datafield>
    <datafield tag="672" ind1=" " ind2="0">
      <subfield code="a">De glorificatione trinitatis et processione spiritus sancti libri IX. 1526. (VD16 R 3796)</subfield>
    </datafield>
    <datafield tag="672" ind1=" " ind2="0">
      <subfield code="a">RVPERTI ABBATIS TVITIENSIS DE VICTORIA VERBI DEI LIBRI TREDECIM.[Hrsg.v.(Iohannes ... 1540. (VD16 ZV 13457)</subfield>
    </datafield>
    <datafield tag="672" ind1=" " ind2="0">
      <subfield code="a">Canticum canticorum. 1527. (VD16 B 3703)</subfield>
    </datafield>
    <datafield tag="913" ind1=" " ind2=" ">
      <subfield code="S">pnd</subfield>
      <subfield code="i">5</subfield>
      <subfield code="a">Rupertus &lt;Tuitensis&gt;</subfield>
      <subfield code="0">(DE-588a)118604198</subfield>
    </datafield>
    <datafield tag="913" ind1=" " ind2=" ">
      <subfield code="S">pnd</subfield>
      <subfield code="i">5</subfield>
      <subfield code="a">Rupert &lt;von Deutz&gt;</subfield>
      <subfield code="0">(DE-588a)118604198</subfield>
    </datafield>
    <datafield tag="913" ind1=" " ind2=" ">
      <subfield code="S">pnd</subfield>
      <subfield code="i">5</subfield>
      <subfield code="a">Rupertus &lt;Tuitiensis&gt;</subfield>
      <subfield code="0">(DE-588a)174554265</subfield>
    </datafield>
    <datafield tag="913" ind1=" " ind2=" ">
      <subfield code="S">pnd</subfield>
      <subfield code="i">5</subfield>
      <subfield code="a">Rupertus &lt;Tuitensis&gt;</subfield>
      <subfield code="0">(DE-588a)186600356</subfield>
    </datafield>
  </record>
